<?xml version="1.0" encoding="UTF-8"?><collection xmlns="http://www.loc.gov/MARC21/slim"><record><leader>00320nam--2200121-i-4500</leader><controlfield tag="001">000020982</controlfield><controlfield tag="002">20161230</controlfield><controlfield tag="005">20161230201033</controlfield><controlfield tag="008">060222s1000------------r-----000-0-eng-d</controlfield><datafield ind1=" " ind2=" " tag="080"><subfield code="a">681.327.6</subfield></datafield><datafield ind1=" " ind2=" " tag="245"><subfield code="a">Flash memory products data book/handbook 1994/1995</subfield></datafield><datafield ind1=" " ind2=" " tag="260"><subfield code="a">Advanced Micro Devices, Inc. 1994 327 P</subfield></datafield><datafield ind1=" " ind2=" " tag="852"><subfield code="a">80286</subfield></datafield></record></collection>